@MISC{electron-representative,
	author = "Electron",
	title = "Apps built on Electron",
	month = may,
	year = "2017",
	url = "https://electron.atom.io/"
}

@MISC{kam,
	author = "Fakulta informačních technologií ČVUT v Praze",
	title = "Katedra aplikované matematiky",
	month = may,
	year = "2017",
	url = "https://fit.cvut.cz/fakulta/struktura/katedry/kam"
}

@MISC{kti,
	author = "Fakulta informačních technologií ČVUT v Praze",
	title = "Katedra teoretické informatiky",
	month = may,
	year = "2017",
	url = "https://fit.cvut.cz/fakulta/struktura/katedry/kti"
}

@MISC{sharelatex-pricing,
	author = "ShareLaTeX",
	title = "Plans \& Pricing",
	month = dec,
	year = "2015",
	url = "https://cs.sharelatex.com/user/subscription/plans"
}

@MISC{material-from-google,
	author = "Material-UI",
	title = "A Set of React Components that Implement Google's Material Design",
	month = feb,
	year = "2017",
	url = "https://cs.sharelatex.com/user/subscription/plans"
}

@MISC{nodegit-error-codes,
	author = "NodeGit",
	title = "Error.CODE",
	month = apr,
	year = "2017",
	url = "http://www.nodegit.org/api/error/"
}

@MISC{commit-hash,
	author = "Git",
	title = "Git Basics",
	month = may,
	year = "2017",
	url = "https://git-scm.com/book/tr/v2/Git-Basics-Viewing-the-Commit-History"
}

@MISC{latex-def,
	author = "Vojtěch Hordějčuk",
	title = "Wiki. Vojtěch Hordějčuk",
	month = dec,
	day = "13",
	year = "2015",
	url = "http://voho.cz/wiki/latex/"
}

@MISC{libgit2-companies,
	author = "libgit2",
	title = "Trusted and used in production",
	month = apr,
	year = "2017",
	url = "https://libgit2.github.com/"
}

@MISC{nodegit-products,
	author = "NodeGit",
	title = "Trusted and used in production",
	month = jan,
	year = "2017",
	url = "http://www.nodegit.org/"
}
