@book{cit1,
  title={Wiki. Vojtěch Hordějčuk},
  author={Vojtěch Hordějčuk},
  url={http://voho.cz/wiki/latex/},
  year={2015}
}
@book{cit2,
  title={ShareLaTeX: the Online LaTeX Editor.},
  author={ShareLaTex},
  url={https://cs.sharelatex.com/},
  year={2015}
}

@book{cit3,
  title={ShareLaTeX: the Online LaTeX Editor.},
  author={ShareLaTex},
  url={https://cs.sharelatex.com/},
  year={2015}
}

@book{cit4,
  title={ShareLaTeX: Real-time Collaborative Writing and Publishing Tools with Integrated PDF Preview.},
  author={Overleaf},
  url={https://www.overleaf.com/},
  year={2015}
}
